
@article{Abadie10,
author = {Abadie, Alberto and Diamond, Alexis and Hainmueller, Jens},
doi = {10.1198/jasa.2009.ap08746},
journal = {Journal of the American Statistical Association},
number = {490},
pages = {493--505},
publisher = {Taylor {\&} Francis},
title = {{Synthetic Control Methods for Comparative Case Studies: Estimating the Effect of California's Tobacco Control Program}},
url = {https://doi.org/10.1198/jasa.2009.ap08746},
volume = {105},
year = {2010}
}

@article{Abadie03,
Author = {Abadie, Alberto and Gardeazabal, Javier},
Title = {The Economic Costs of Conflict: A Case Study of the Basque Country },
Journal = {American Economic Review},
Volume = {93},
Number = {1},
Year = {2003},
Month = {March},
Pages = {113-132},
DOI = {10.1257/000282803321455188},
URL = {http://www.aeaweb.org/articles?id=10.1257/000282803321455188}}

@article{Ben-Michael18,
abstract = {},
archivePrefix = {arXiv},
arxivId = {1811.04170},
author = {Ben-Michael, Eli and Feller, Avi and Rothstein, Jesse},
eprint = {1811.04170},
number = {November},
title = {{The Augmented Synthetic Control Method}},
url = {http://arxiv.org/abs/1811.04170},
year = {2018}
}


@article{Schuhmann16,
abstract = {},
archivePrefix = {arXiv},
arxivId = {arXiv:1510.00019v2},
author = {Schuhmann, Robert L. and Joachimi, Benjamin and Peiris, Hiranya V.},
doi = {10.1093/mnras/stw738},
eprint = {arXiv:1510.00019v2},
issn = {13652966},
journal = {Monthly Notices of the Royal Astronomical Society},
keywords = {Cosmology: observations,Methods: data analysis,Methods: numerical,Methods: statistical},
number = {2},
pages = {1916--1928},
title = {{Gaussianization for fast and accurate inference from cosmological data}},
volume = {459},
year = {2016}
}

@article{Athey2016,
abstract = {},
archivePrefix = {arXiv},
arxivId = {1607.00699},
author = {Athey, Susan and Imbens, Guido},
eprint = {1607.00699},
number = {2},
pages = {3--32},
title = {{The State of Applied Econometrics - Causality and Policy Evaluation}},
url = {http://arxiv.org/abs/1607.00699--},
volume = {31},
year = {2016}
}

@article{Seljak19,
abstract = {},
archivePrefix = {arXiv},
arxivId = {1901.04454},
author = {Seljak, Uros and Yu, Byeonghee},
eprint = {1901.04454},
keywords = {approximate bayesian inference},
pages = {1--35},
title = {{Posterior inference unchained with EL{\_}2O}},
url = {http://arxiv.org/abs/1901.04454--},
year = {2019}
}

@article{Seljak97,
abstract = {},
author = {Seljak, Uro{\v{s}}},
doi = {10.1086/306019},
journal = {The Astrophysical Journal},
month = {aug},
number = {2},
pages = {492--501},
publisher = {{\{}IOP{\}} Publishing},
title = {{Cosmography and Power Spectrum Estimation: A Unified Approach}},
url = {https://doi.org/10.1086{\%}2F306019},
volume = {503},
year = {1998}
}

@book{wiener64,
  title={Extrapolation, Interpolation, and Smoothing of Stationary Time Series: With Engineering Applications},
  author={Wiener, N.},
  lccn={49010329},
  series={Technology Press books in science and engineering},
  url={https://books.google.com/books?id=A6QgAAAAMAAJ},
  year={1964},
  publisher={Technology Press of the Massachusetts Institute of Technology}
}

@ARTICLE{rybicki92,
       author = {{Rybicki}, George B. and {Press}, William H.},
        title = "{Interpolation, Realization, and Reconstruction of Noisy, Irregularly Sampled Data}",
      journal = {\apj},
     keywords = {Data Sampling, Interpolation, Linear Prediction, Reconstruction, Statistical Analysis, Bayes Theorem, Estimators, Monte Carlo Method, Wiener Filtering, STATISTICS AND PROBABILITY, METHODS: ANALYTICAL, METHODS: DATA ANALYSIS, METHODS: NUMERICAL},
         year = "1992",
        month = "Oct",
       volume = {398},
        pages = {169},
          doi = {10.1086/171845},
       adsurl = {https://ui.adsabs.harvard.edu/abs/1992ApJ...398..169R},
      adsnote = {Provided by the SAO/NASA Astrophysics Data System}
}

@article {emalgorithm,
    AUTHOR = {Dempster, A. P. and Laird, N. M. and Rubin, D. B.},
     TITLE = {Maximum likelihood from incomplete data via the {EM}
              algorithm},
      NOTE = {With discussion},
   JOURNAL = {J. Roy. Statist. Soc. Ser. B},
  FJOURNAL = {Journal of the Royal Statistical Society. Series B.
              Methodological},
    VOLUME = {39},
      YEAR = {1977},
    NUMBER = {1},
     PAGES = {1--38},
      ISSN = {0035-9246},
   MRCLASS = {62F10},
  MRNUMBER = {0501537},
MRREVIEWER = {Rolf Sundberg},
       URL =
              {http://links.jstor.org/sici?sici=0035-9246(1977)39:1<1:MLFIDV>2.0.CO;2-Z&origin=MSN},
}
	
	
@article{yjtransform,
 ISSN = {00063444},
 URL = {http://www.jstor.org/stable/2673623},
 abstract = {We introduce a new power transformation family which is well defined on the whole real line and which is appropriate for reducing skewness and to approximate normality. It has properties similar to those of the Box-Cox transformation for positive variables. The large-sample properties of the transformation are investigated in the contect of a single random sample},
 author = {In-Kwon Yeo and Richard A. Johnson},
 journal = {Biometrika},
 number = {4},
 pages = {954--959},
 publisher = {[Oxford University Press, Biometrika Trust]},
 title = {A New Family of Power Transformations to Improve Normality or Symmetry},
 volume = {87},
 year = {2000}
}


@article {boxcox,
    AUTHOR = {Box, G. E. P. and Cox, D. R.},
     TITLE = {An analysis of transformations. ({W}ith discussion)},
   JOURNAL = {J. Roy. Statist. Soc. Ser. B},
  FJOURNAL = {Journal of the Royal Statistical Society. Series B.
              Methodological},
    VOLUME = {26},
      YEAR = {1964},
     PAGES = {211--252},
      ISSN = {0035-9246},
   MRCLASS = {62.00 (62.56)},
  MRNUMBER = {0192611},
MRREVIEWER = {A. L. Nagar},
       URL =
              {http://links.jstor.org/sici?sici=0035-9246(1964)26:2<211:AAOT>2.0.CO;2-6&origin=MSN},
}

@incollection{transforms,
 author = {{Zarembka} P.},
 year = {1990},
 title = {Transformation of Variables in Econometrics},
 editor = {Eatwell J. and Milgate M. and Newman P.},
 book = {Econometrics},
 publisher = {The New Palgrave. Palgrave Macmillan, London},
 doi = {https://doi.org/10.1007/978-1-349-20570-7_36}
}


@TechReport{Ferman16,
  author={Ferman, Bruno and Pinto, Cristine},
  title={{Revisiting the Synthetic Control Estimator}},
  year=2016,
  month=Sep,
  institution={University Library of Munich, Germany},
  type={MPRA Paper},
  url={https://ideas.repec.org/p/pra/mprapa/73982.html},
  number={73982},
  abstract={},
  keywords={synthetic control; difference-in-differences; linear factor model; inference; permutation test},
  doi={},
}




@misc{sourceincome,
  title = {Per Capita Personal Income in California [CAPCPI]},
  howpublished = {\url{https://fred.stlouisfed.org/series/CAPCPI}},
  note = {U.S. Bureau of Economic Analysis, Per Capita Personal Income in California [CAPCPI], retrieved from FRED, Federal Reserve Bank of St. Louis; July 12, 2019.}
}

@article{Orzechowski12,
author = {Orzechowski, W and Walker, R.C.},
year = {2012},
month = {01},
pages = {},
title = {The tax burden on tobacco},
journal = {Historical Compilation}
}

@misc{sourcetobacco,
  title = {The Tax Burden on Tobacco 1970-2018},
  howpublished = {\url{https://chronicdata.cdc.gov/Policy/The-Tax-Burden-on-Tobacco-1970-2018/7nwe-3aj9}}
}

